<?xml version="1.0" encoding="UTF-8"?><collection xmlns="http://www.loc.gov/MARC21/slim"><record><leader>00595nam--2200181-i-4500</leader><controlfield tag="001">000037141</controlfield><controlfield tag="002">20161230</controlfield><controlfield tag="005">20161230201041</controlfield><controlfield tag="008">060222s1000------------r-----000-0-rum-d</controlfield><datafield ind1=" " ind2=" " tag="040"><subfield code="a">IFIN-HH</subfield></datafield><datafield ind1=" " ind2=" " tag="041"><subfield code="a">rum</subfield></datafield><datafield ind1="1" ind2=" " tag="110"><subfield code="a">Academia RSR. Institutul Central de Fizica</subfield></datafield><datafield ind1="1" ind2="0" tag="245"><subfield code="a">Analiza si sinteza semnalului vocal</subfield><subfield code="b">Coordonatori: Mihai Draganescu, Corneliu Burileanu</subfield></datafield><datafield ind1=" " ind2=" " tag="260"><subfield code="a">Bucuresti, Editura Academiei Rsr, 1986</subfield></datafield><datafield ind1=" " ind2=" " tag="300"><subfield code="a">247P</subfield></datafield><datafield ind1=" " ind2=" " tag="490"><subfield code="a">Probleme De Microelectronica, Informatica, Automatica Si Telecomunicatii</subfield><subfield code="v">Vol. 14</subfield></datafield><datafield ind1=" " ind2=" " tag="852"><subfield code="a">73310</subfield><subfield code="c">534</subfield></datafield><datafield ind1=" " ind2=" " tag="CAT"><subfield code="a">Sys</subfield><subfield code="c">20101012</subfield><subfield code="h">145617</subfield></datafield></record></collection>